@Book{ambrose2005basics,
author = {Ambrose G. a Harris, P.},
OPTALTeditor = {},
title = {Basics Design 03: Typography},
publisher = {Lausanne: AVA Publishing},
year = {2005},
OPTkey = {},
OPTvolume = {},
OPTnumber = {},
series = {1},
OPTaddress = {},
edition = {1.},
OPTmonth = {},
OPTnote = {},
OPTannote = {},
isbn = {9782940373352},
}

@Book{rybička1995latex,
author = {Rybi{\v{c}}ka, J.},
OPTALTeditor = {},
title = {LATEX pro za{\v{c}}{\'a}te{\v{c}}n{\'\i}ky},
publisher = {Brno: Konvoj},
year = {2003},
OPTkey = {},
volume = {1},
OPTnumber = {},
OPTseries = {},
OPTaddress = {},
edition = {3.},
OPTmonth = {},
OPTnote = {},
OPTannote = {},
isbn = {9788085615425},
}


@Article{ralich1998typografie,
author = {Rajlich J.},
title = {Typografie prelomu tisícilet{\'i}},
journal = {Zpravodaj {\v{C}}eskoslovensk{\'e}ho sdruen{\'i} u{\v{z}}ivatelu TeXu},
year = {1998},
OPTkey = {},
volume = {8},
number = {3-4},
pages = {129-137},
OPTmonth = {},
note = {dostupn{\'e} z: \url{bit.ly/3GQ0Tqi}},
OPTannote = {},

OPTisbn = {},
issn = {1211-6661},
}

@Article{trousil2015didaktik,
author = {Trousil J.},
title = {Didaktick{\'a} typografie ve v{\'y}uce a tvorb{\v{e}} u{\v{c}}ebnich textu},
journal = {Paidagogos},
year = {2015},
OPTkey = {},
OPTvolume = {16},
number = {2},
pages = {47-59},
OPTmonth = {},
note = {dostupn{\'e} z: \url{http://www.paidagogos.net/issues/2015/2/article.php?id=3}},
OPTannote = {},

OPTisbn = {},
issn = {1213-3809},
}

@Article{legge2011size,
author = {Legge G. a Bigelow C.},
title = {Does print size matter for reading? {A} review of findings from vision science and typography},
journal = {Journal of Vision},
year = {2011},
OPTkey = {},
volume = {5},
number = {8},
pages = {1-22},
OPTmonth = {},
note = {dostupn{\'e} z: \url{bit.ly/3MOBJMh}},
OPTannote = {},

OPTisbn = {},
issn = {1534-7362},
}

@Article{fuse,
OPTauthor = {},
journal = {Graphic Design USA},
year = {2021},
OPTkey = {},
volume = {},
number = {4},
pages = {},
OPTmonth = {},
OPTnote = {},
OPTannote = {},

OPTisbn = {},
issn = {0274-7499},
}

@Article{serif,
author = {Loring Murphy Z.},
title = {Serif Killers: the comeback of serif fonts in 2020},
journal = {TypeOne},
year = {2020},
OPTkey = {},
volume = {1},
number = {1},
pages = {25-27},
OPTmonth = {},
OPTnote = {},
OPTannote = {},

OPTisbn = {},
issn = {2635-0335},
}

@Article{abstract,
author = {Loring Murphy Z.},
title = {Fragmentations of Form \& {S}pace in the explorations of {N}atasha {L}ucas},
journal = {TypeOne},
year = {2020},
OPTkey = {},
volume = {1},
number = {1},
pages = {81-85},
OPTmonth = {},
OPTnote = {},
OPTannote = {},

OPTisbn = {},
issn = {2635-0335},
}


@MastersThesis{ideo,
author = {Bc. Ponec M.},
title = {Meziválečná typografie jako
specifický nástroj modernistické,
ideologie},
school = {Filozofická fakulta MUNI},
year = {2013},
OPTkey = {},
OPTtype = {},
address = {Brno, Česká Republika},
OPTmonth = {},
note = {dostupné z: \url{bit.ly/3A1gWh2}},
OPTannote = {}
}

@MastersThesis{neon,
author = {Bachorecova Z.},
title = {Neóny v kontexte reklamnej typografie v Bratislave do roku 1989},
school = {Filozofická fakulta MUNI},
year = {2019},
OPTkey = {},
type={Bakalářská práce},
address = {Brno, Česká Republika},
OPTmonth = {},
note = {dostupné z: \url{bit.ly/3GQXOGh}},
OPTannote = {}
}
